<record><leader>00000cas a22000007a 4500</leader><controlfield tag="001">48095681</controlfield><controlfield tag="008">011005c20009999fluwr ne      0   a0eng c</controlfield><datafield ind1=" " ind2=" " tag="010"><subfield code="a">  2001211882</subfield></datafield><datafield ind1=" " ind2=" " tag="040"><subfield code="a">NSD</subfield><subfield code="b">eng</subfield><subfield code="c">NSD</subfield><subfield code="d">NYS</subfield><subfield code="d">OCLCQ</subfield><subfield code="d">OCLCF</subfield><subfield code="d">OCLCO</subfield></datafield><datafield ind1=" " ind2=" " tag="012"><subfield code="l">1</subfield></datafield><datafield ind1="1" ind2=" " tag="022"><subfield code="a">1537-3398</subfield><subfield code="l">1537-3398</subfield><subfield code="2">1</subfield></datafield><datafield ind1="1" ind2=" " tag="029"><subfield code="a">AU@</subfield><subfield code="b">000023118565</subfield></datafield><datafield ind1=" " ind2=" " tag="037"><subfield code="b">The County Press, P.O. Box 482, Fountain, FL 32438</subfield><subfield code="c">$39.00</subfield></datafield><datafield ind1=" " ind2=" " tag="042"><subfield code="a">nsdp</subfield><subfield code="a">msc</subfield></datafield><datafield ind1=" " ind2=" " tag="043"><subfield code="a">n-us-fl</subfield></datafield><datafield ind1="0" ind2=" " tag="130"><subfield code="a">County press (Fountain, Fla.)</subfield></datafield><datafield ind1=" " ind2="4" tag="222"><subfield code="a">The county press</subfield><subfield code="b">(Fountain, Fla.)</subfield></datafield><datafield ind1="1" ind2="4" tag="245"><subfield code="a">The county press.</subfield></datafield><datafield ind1=" " ind2=" " tag="260"><subfield code="a">Fountain, FL :</subfield><subfield code="b">Bay Graphic Pub.</subfield></datafield><datafield ind1=" " ind2=" " tag="300"><subfield code="a">v.</subfield></datafield><datafield ind1=" " ind2=" " tag="310"><subfield code="a">Weekly</subfield></datafield><datafield ind1="1" ind2=" " tag="362"><subfield code="a">Began in June 2000.</subfield></datafield><datafield ind1=" " ind2=" " tag="588"><subfield code="a">Description based on: Aug. 24, 2001.</subfield></datafield><datafield ind1=" " ind2="0" tag="651"><subfield code="a">Bay County (Fla.)</subfield><subfield code="v">Newspapers.</subfield></datafield><datafield ind1=" " ind2="4" tag="651"><subfield code="a">Fountain (Fla.)</subfield><subfield code="v">Newspapers.</subfield></datafield><datafield ind1=" " ind2="7" tag="655"><subfield code="a">Newspapers.</subfield><subfield code="2">fast</subfield><subfield code="0">(OCoLC)fst01423814</subfield></datafield><datafield ind1=" " ind2="7" tag="651"><subfield code="a">Florida</subfield><subfield code="z">Bay County.</subfield><subfield code="2">fast</subfield><subfield code="0">(OCoLC)fst01213144</subfield></datafield><datafield ind1=" " ind2=" " tag="752"><subfield code="a">United States</subfield><subfield code="b">Florida</subfield><subfield code="c">Bay</subfield><subfield code="d">Fountain.</subfield></datafield><datafield ind1="0" ind2="0" tag="780"><subfield code="t">County press-voice</subfield></datafield></record>